@MISC {bangkokpost2011,
    author       = "Bangkok Post",
    title        = "The World Bank Supports Thailand's Post-Floods Recovery Effort",
    howpublished = "http://www.worldbank.org/en/news/feature/2011/12/13/world-bank-supports-thailands-post-floods-recovery-effort",
    month        = "dec",
    year         = "2011",
    note         = "Accessed: 2015-04-01"
}

@MISC {haiibg,
    author       = "Hydro{\ }and{\ }Agro{\ }Informatics{\ }Institute",
    title        = "Background",
    howpublished = "http://www.haii.or.th/haiiweb/index.php?option=com\_content\&task=view \&id=94\&Itemid=95\&lang=en",
    note         = "Accessed: 2015-04-01"
}

@MISC {haiits,
    author       = "Hydro{\ }and{\ }Agro{\ }Informatics{\ }Institute",
    title        = "Mobile Telemetry System",
    howpublished = "http://www.thaiwater.net/web/ index.php/aboutusen/524-telemeterringenen.html",
    note         = "Accessed: 2015-04-01"
}

@incollection{markpeng2014controlling,
  title={Controlling Quality of Water-Level Data in Thailand},
  author={Markpeng, Pattarasai and Wongnimmarn, Piraya and Champreeda, Nattarat and Vateekul, Peerapon and Sarinnapakorn, Kanoksri},
  booktitle={Intelligent Information and Database Systems},
  pages={503--512},
  year={2014},
  publisher={Springer}
}

@inproceedings{ester1996density,
  title={A density-based algorithm for discovering clusters in large spatial databases with noise.},
  author={Ester, Martin and Kriegel, Hans-Peter and Sander, J{\"o}rg and Xu, Xiaowei},
  booktitle={Kdd},
  volume={96},
  number={34},
  pages={226--231},
  year={1996}
}

@book{beckmann1990r,
  title={The R*-tree: an efficient and robust access method for points and rectangles},
  author={Beckmann, Norbert and Kriegel, Hans-Peter and Schneider, Ralf and Seeger, Bernhard},
  volume={19},
  number={2},
  year={1990},
  publisher={ACM}
}

@article{bentley1975multidimensional,
  title={Multidimensional binary search trees used for associative searching},
  author={Bentley, Jon Louis},
  journal={Communications of the ACM},
  volume={18},
  number={9},
  pages={509--517},
  year={1975},
  publisher={ACM}
}

@INBOOK {clrs,
    author = "Cormen, Thomas and Leiserson, Charles and Rivest, Ronald and Stein, Clifford",
    title     = "Introduction to Algorithms",
    chapter   = "4.3",
    publisher = "MIT Press and McGraw-Hill",
    year      = "2011",
    edition   = "second"
}

@MANUAL {christianhennig2014,
    title   = "Flexible procedures for clustering",
    author  = "Christian Hennig",
    edition = "2.1-9",
    month   = "jan",
    year    = "2014"
}
